<?xml version="1.0" encoding="UTF-8"?><record xmlns="http://www.loc.gov/MARC21/slim" xmlns:cinclude="http://apache.org/cocoon/include/1.0" xmlns:zs="http://www.loc.gov/zing/srw/">
  <leader>00405nz  a2200133n  4500</leader>
  <controlfield tag="001">n  88106212 </controlfield>
  <controlfield tag="003">DLC</controlfield>
  <controlfield tag="005">19881026134802.6</controlfield>
  <controlfield tag="008">881006n| acannaab|          |n aaa |||  </controlfield>
  <datafield tag="010" ind1=" " ind2=" ">
    <subfield code="a">n  88106212 </subfield>
  </datafield>
  <datafield tag="040" ind1=" " ind2=" ">
    <subfield code="a">DLC</subfield>
    <subfield code="c">DLC</subfield>
    <subfield code="d">DLC</subfield>
  </datafield>
  <datafield tag="100" ind1="1" ind2="0">
    <subfield code="a">Goldstene, Paul N.,</subfield>
    <subfield code="d">1930-</subfield>
  </datafield>
  <datafield tag="670" ind1=" " ind2=" ">
    <subfield code="a">His The bittersweet century, 1989:</subfield>
    <subfield code="b">CIP t.p. (Paul N. Goldstene)</subfield>
  </datafield>
  <datafield tag="670" ind1=" " ind2=" ">
    <subfield code="a">LC data base 10-4-88</subfield>
    <subfield code="b">(hdg.: Goldstene, Paul N., 1930- )</subfield>
  </datafield>
</record>